@article{random-walker,
  title={Random walks for image segmentation},
  author={Grady, Leo},
  journal={IEEE transactions on pattern analysis and machine intelligence},
  volume={28},
  number={11},
  pages={1768--1783},
  year={2006},
  publisher={IEEE}
}

@incollection{countable-infinite,
  title={Markov Chains with Countably Infinite State Spaces},
  author={Gallager, Robert G},
  booktitle={Discrete Stochastic Processes},
  pages={149--186},
  year={1996},
  publisher={Springer}
}

@book{russel,
title={Random Walks},
publisher={City, University of London},
author={Russell Gerrard},
year={2020}
url={http://www.staff.city.ac.uk/r.j.gerrard/courses/2dsm/dsm03_3.htm}
}


@book{chawla_2020,
title={CS787: Advanced Algorithms Lecture 15: Random walks and Markov chains},
publisher={University of Wisconsin - Madison},
author={Chawla, Shuchi},
year={2020}
}